@book{arenales,
    author = {Marcos Arenales and Vinícius Armentano and Reinaldo Morabito and Horacio Yanasse},
    title = {Pesquisa Operacional},
    publisher = {Elsevier},
    year = {2007},
}

@article{2DPackLib,
    author = {Manuel Iori and Vinícius Loti de Lima and Silvano Martello and Michele Monaci},
    title = {2DPackLib: a two-dimensional cutting and packing library},
    year = {2021},
    doi = {https://doi.org/10.1007/s11590-021-01808-y},
}
