@book{arenales,
    author = {Marcos Arenales and Vinícius Armentano and Reinaldo Morabito and Horacio Yanasse},
    title = {Pesquisa Operacional},
    publisher = {Elsevier},
    year = {2007},
}

@article{2DPackLib,
    title = {2DPackLib: a two-dimensional cutting and packing library},
    author = {Iori, Manuel and de Lima, Vinícius Loti and Martello, Silvano and Monaci, Michele},
    journal = {Optimization Letters},
    volume = {16},
    number = {2},
    pages = {471--480},
    year = {2022},
    publisher = {Springer}
}

@article{exact-solution-techniques,
    title = {Exact solution techniques for two-dimensional cutting and packing},
    journal = {European Journal of Operational Research},
    volume = {289},
    number = {2},
    pages = {399-415},
    year = {2021},
    issn = {0377-2217},
    doi = {https://doi.org/10.1016/j.ejor.2020.06.050},
    url = {https://www.sciencedirect.com/science/article/pii/S0377221720306111},
    author = {Manuel Iori and Vinícius L. {de Lima} and Silvano Martello and Flávio K. Miyazawa and Michele Monaci},
    keywords = {Two-dimensional rectangle cutting and packing, Exact methods, Relaxations},
    abstract = {We survey the main formulations and solution methods for two-dimensional orthogonal cutting and packing problems, where both items and bins are rectangles. We focus on exact methods and relaxations for the four main problems from the literature: finding a packing with minimum height, packing the items into the minimum number of bins, finding a packing of maximum value, and determining the existence of a feasible packing.}
}

@article{aprendizado-reforco,
    author = {Bartmeyer, Petra Maria and Oliveira, Larissa Tebaldi de and Toledo, Franklina Maria
 Bragion de and Leao, Aline Aparecida Souza},
    title = {Aprendizado por reforço aplicado ao problema de empacotamento de peças irregulares em faixas},
    journal = {Anais},
    year = {2021},
    url = {https://repositorio.usp.br/directbitstream/455094df-864a-4fad-8a97-c5f59fd3d6ca/3051981.pdf},
}

@phdthesis{castellucci2019consolidation,
    title = {Consolidation problems in freight transportation systems: mathematical models and algorithms},
    author = {Castellucci, Pedro Belin},
    year = {2019},
    school = {Universidade de São Paulo},
    url = {https://pdfs.semanticscholar.org/90e7/bd898951e1350c2694478b63fbcde508e189.pdf},
}

@phdthesis{queiroz2022estudo,
    title = {Estudo de problemas de corte de itens irregulares com incertezas},
    author = {Queiroz, Layane Rodrigues de Souza},
    year = {2022},
    school = {Universidade de São Paulo},
    url = {https://www.teses.usp.br/teses/disponiveis/55/55134/tde-10032022-110656/en.php},
}

@phdthesis{morabito1992abordagem,
    title = {Abordagem em grafo-e-ou para o problema do empacotamento: aplicacao ao carregamento de paletes e conteineres},
    author = {Morabito Neto, Reinaldo and Widmer, Joao Alexandre},
    year = {1992},
    url = {https://repositorio.usp.br/item/000734666},
}

@article{cavali2004problemas,
    title = {Problemas de corte e empacotamento na indústria de Móveis: um estudo de caso},
    author = {Cavali, Roberto},
    year = {2004},
    publisher = {Universidade Estadual Paulista (Unesp)},
    url = {https://repositorio.unesp.br/bitstream/handle/11449/94286/cavali_r_me_sjrp.pdf},
}

@article{belluzzo2005otimizacao,
    title = {Otimização nos padrões de corte de chapas de fibra de madeira reconstituída: um
 estudo de caso},
    author = {Belluzzo, Luciano and Morabito, Reinaldo},
    journal = {Pesquisa Operacional},
    volume = {25},
    pages = {391--415},
    year = {2005},
    publisher = {SciELO Brasil},
    url = {https://www.scielo.br/j/pope/a/tTXXckvGTHbDfZQkmzCqdkp},
}

@article{burke2004new,
    title = {A new placement heuristic for the orthogonal stock-cutting problem},
    author = {Burke, E K and Kendall, G and Whitwell, G},
    journal = {Operations Research},
    volume = {52},
    number = {4},
    pages = {655--671},
    year = {2004},
    publisher = {INFORMS}
}

@article{beasley1985algorithms,
    title = {Algorithms for unconstrained two-dimensional guillotine cutting},
    author = {Beasley, J E},
    journal = {Journal of the Operational Research Society},
    volume = {36},
    number = {4},
    pages = {297--306},
    year = {1985},
    publisher = {Taylor \& Francis}
}

@article{beasley1985exact,
    title = {An Exact Two-Dimensional Non-Guillotine Cutting Tree Search Procedure.},
    author = {Beasley, J E},
    journal = {Operations Research},
    volume = {33},
    number = {1},
    year = {1985}
}

@article{cote2014combinatorial,
    title = {Combinatorial Benders' cuts for the strip packing problem},
    author = {C{\^o}t{\'e}, Jean-Fran{\c{c}}ois and Dell'Amico, Mauro and Iori, Manuel},
    journal = {Operations Research},
    volume = {62},
    number = {3},
    pages = {643--661},
    year = {2014},
    publisher = {INFORMS}
}

@article{delorme2017logic,
    title = {Logic based Benders' decomposition for orthogonal stock cutting problems},
    author = {Delorme, Maxence and Iori, Manuel and Martello, Silvano},
    journal = {Computers \& Operations Research},
    volume = {78},
    pages = {290--298},
    year = {2017},
    publisher = {Elsevier}
}

@article{mrad2015arc,
    title = {An arc flow-based optimization approach for the two-stage guillotine strip cutting problem},
    author = {Mrad, Mehdi},
    journal = {Journal of the Operational Research Society},
    volume = {66},
    number = {11},
    pages = {1850--1859},
    year = {2015},
    publisher = {Taylor \& Francis}
}

@article{cintra2008algorithms,
    title = {Algorithms for two-dimensional cutting stock and strip packing problems using dynamic programming and column generation q},
    author = {Cintra, G F and Miyazawa, F K and Wakabayashi, Y and Xavier, E C},
    journal = {European Journal of Operational Research},
    volume = {191},
    pages = {61--85},
    year = {2008}
}

@article{oliveira1990improved,
    title = {An improved version of Wang's algorithm for two-dimensional cutting problems},
    author = {Oliveira, Jose Fernando and Ferreira, Jose Soeiro},
    journal = {European Journal of Operational Research},
    volume = {44},
    number = {2},
    pages = {256--266},
    year = {1990},
    publisher = {Elsevier}
}

@article{velasco2019improved,
    title = {Improved state space relaxation for constrained two-dimensional guillotine cutting problems},
    author = {Velasco, Andr{\'e} Soares and Uchoa, Eduardo},
    journal = {European Journal of Operational Research},
    volume = {272},
    number = {1},
    pages = {106--120},
    year = {2019},
    publisher = {Elsevier}
}

@article{martin2020models,
    title = {Models for the two-dimensional rectangular single large placement problem with guillotine cuts and constrained pattern},
    author = {Martin, Mateus and Birgin, Ernesto G and Lobato, Rafael D and Morabito, Reinaldo and Munari, Pedro},
    journal = {International Transactions in Operational Research},
    volume = {27},
    number = {2},
    pages = {767--793},
    year = {2020},
    publisher = {Wiley Online Library}
}

@inproceedings{fekete1997new,
    title = {A new exact algorithm for general orthogonal d-dimensional knapsack problems},
    author = {Fekete, S{\'a}ndor P and Schepers, J{\"o}rg},
    booktitle = {Algorithms—ESA'97: 5th Annual European Symposium Graz, Austria, September 15--17, 1997 Proceedings 5},
    pages = {144--156},
    year = {1997},
    organization = {Springer}
}

@article{furini2016modeling,
    title = {Modeling two-dimensional guillotine cutting problems via integer programming},
    author = {Furini, Fabio and Malaguti, Enrico and Thomopulos, Dimitri},
    journal = {INFORMS Journal on Computing},
    volume = {28},
    number = {4},
    pages = {736--751},
    year = {2016},
    publisher = {INFORMS}
}

https://link.springer.com/article/10.1023/A:1012590107280
https://www.sciencedirect.com/science/article/abs/pii/S0377221719303820?casa_token=qkJplmp-pmoAAAAA:2B1oeacxI3JDHiIL9ZAc5SKPNVX1oJtaxGzH8g_WwrY2ekkF2J1alsHrlnntSuzJ4G9Kr7zx6J6Q
% heuristicas: https://www.inf.ufrgs.br/~mrpritt/lib/exe/fetch.php?media=inf05010:notas-11636.pdf
