@article{einstein,
    author =       "Albert Einstein",
    title =        "{Zur Elektrodynamik bewegter K{\"o}rper}. ({German})
        [{On} the electrodynamics of moving bodies]",
    journal =      "Annalen der Physik",
    volume =       "322",
    number =       "10",
    pages =        "891--921",
    year =         "1905",
    DOI =          "http://dx.doi.org/10.1002/andp.19053221004"
}

@book{latexcompanion,
    author    = "Michel Goossens and Frank Mittelbach and Alexander Samarin",
    title     = "The \LaTeX\ Companion",
    year      = "1993",
    publisher = "Addison-Wesley",
    address   = "Reading, Massachusetts"
}

@misc{knuthwebsite,
    author    = "Donald Knuth",
    title     = "Knuth: Computers and Typesetting",
    url       = "http://www-cs-faculty.stanford.edu/\~{}uno/abcde.html"
}

@article{irregular-pieces,
    author = {Petra Maria Bartmeyer and Larissa Tebaldi Oliveira and Franklina Maria Bragion Toledo and Aline Aparecida Souza implementação},
    title = {Aprendizado por reforço aplicado ao problema de empacotamento de peças irregulares em faixas},
    journal = {LIII Simpósio Brasileiro de Pesquisa Operacional},
    year = {2021},
}